@article{mateos2024systematic,
  title={A systematic literature review of recent advances on context-aware recommender systems},
  author={Mateos, Pablo and Bellog{\'\i}n, Alejandro},
  journal={Artificial Intelligence Review},
  volume={58},
  number={1},
  pages={20},
  year={2024},
  publisher={Springer}
}

@article{villegas2018characterizing,
  title={Characterizing context-aware recommender systems: A systematic literature review},
  author={Villegas, Norha M and S{\'a}nchez, Cristian and D{\'\i}az-Cely, Javier and Tamura, Gabriel},
  journal={Knowledge-Based Systems},
  volume={140},
  pages={173--200},
  year={2018},
  publisher={Elsevier}
}

@article{huang2024deep,
  title={Deep adaptive interest network: personalized recommendation with context-aware learning},
  author={Huang, Shuaishuai and Yang, Haowei and Yao, You and Lin, Xueting and Tu, Yuming},
  journal={arXiv preprint arXiv:2409.02425},
  year={2024}
}

@article{hong2024cross,
  title={Cross-cultural contextualisation for recommender systems},
  author={Hong, Minsung and An, Sojung and Akerkar, Rajendra and Camacho, David and Jung, Jason J},
  journal={Journal of Ambient Intelligence and Humanized Computing},
  volume={15},
  number={2},
  pages={1659--1670},
  year={2024},
  publisher={Springer}
}